@Book{reflist,
author     = {surname, initials and surname, initials and surname, initials},
year        ={2013},
title          ={title of the book},
edition    ={22},
publisher = {Addison-Wesley},
address={hollywood},
}


@Book{operating_systems_concepts_ed9,
author     = {Silberschatz, A. and Galvin, P. B. and Gagne, G.},
year        ={2012},
title          ={Operating Systems Concepts},
edition    ={9},
publisher = {Wiley},
address={},
}

@Book{operating_systems_concepts_ed8,
author     = {Silberschatz, A. and Galvin, P. B. and Gagne, G.},
year        ={2008},
title          ={Operating Systems Concepts},
edition    ={8},
publisher = {Wiley},
address={},
}

@Book{pedroni_VHDL,
author     = {Pedroni, V. A.},
year        ={2010},
title          ={Circuit Design and Simulation with VHDL},
edition    ={2},
publisher = {Massachusetts Institute of Technology ER EN SMULE ISUKKER PÃ… DENNE}, 
address={London, England},
}

@Book{reg_modern_control_systems,
author     = {Dorf, R. C. and Bishop, R. H.},
year        ={2010},
title          ={Modern Control Systems},
edition    ={12},
publisher = {Pearson Education},
address={New Jersey},
}


@Book{fund_of_physics,
author     = {Halliday, D. and Resnick, R. and Walker, J.},
year        ={2011},
title          ={Fundamentals of Physics Extended},
edition    ={9},
publisher = {John Wiley \& Sons, Inc},
address={Cleveland},
}


@ONLINE{alu_profil_desitet,
author = {{Bosch Rexroth Cooperation}},
title = {Basic Mechanic Elements 13.0 Catalog},
month = feb,
year = {2013},
url = {http://www.boschrexroth.com/country_units/america/united_states/sub_websites/brus_dcl/Products/Aluminum_Structural_Framing/a_catalog/mge_catalog_download/3842540392_2013_02_EN_MGE13.pdf}
}


@ONLINE{ES_regler,
author = {ISSF},
title = {Official Statutes Rules and Regulations, Edition 2013},
month = jan,
year = {2014},
url = {http://www.issf-sports.org/documents/rules/2013/ISSFRuleBook2013-2ndPrint-ENG.zip}
}






















